%YAML 1.1
%TAG !u! tag:unity3d.com,2011:
--- !u!1 &119646
GameObject:
  m_ObjectHideFlags: 0
  m_PrefabParentObject: {fileID: 0}
  m_PrefabInternal: {fileID: 100100000}
  serializedVersion: 4
  m_Component:
  - 4: {fileID: 499914}
  - 114: {fileID: 11493090}
  m_Layer: 0
  m_Name: BombBlock
  m_TagString: Untagged
  m_Icon: {fileID: 0}
  m_NavMeshLayer: 0
  m_StaticEditorFlags: 0
  m_IsActive: 1
--- !u!1 &171328
GameObject:
  m_ObjectHideFlags: 0
  m_PrefabParentObject: {fileID: 0}
  m_PrefabInternal: {fileID: 100100000}
  serializedVersion: 4
  m_Component:
  - 4: {fileID: 466726}
  - 212: {fileID: 21284874}
  m_Layer: 0
  m_Name: Sprite
  m_TagString: Untagged
  m_Icon: {fileID: 0}
  m_NavMeshLayer: 0
  m_StaticEditorFlags: 0
  m_IsActive: 1
--- !u!4 &466726
Transform:
  m_ObjectHideFlags: 1
  m_PrefabParentObject: {fileID: 0}
  m_PrefabInternal: {fileID: 100100000}
  m_GameObject: {fileID: 171328}
  m_LocalRotation: {x: 0, y: 0, z: 0, w: 1}
  m_LocalPosition: {x: 0, y: 0, z: 0}
  m_LocalScale: {x: .230000004, y: .239999995, z: 1}
  m_Children: []
  m_Father: {fileID: 499914}
  m_RootOrder: 0
--- !u!4 &499914
Transform:
  m_ObjectHideFlags: 1
  m_PrefabParentObject: {fileID: 0}
  m_PrefabInternal: {fileID: 100100000}
  m_GameObject: {fileID: 119646}
  m_LocalRotation: {x: 0, y: 0, z: 0, w: 1}
  m_LocalPosition: {x: 0, y: 0, z: 0}
  m_LocalScale: {x: 1, y: 1, z: 1}
  m_Children:
  - {fileID: 466726}
  m_Father: {fileID: 0}
  m_RootOrder: 0
--- !u!114 &11493090
MonoBehaviour:
  m_ObjectHideFlags: 1
  m_PrefabParentObject: {fileID: 0}
  m_PrefabInternal: {fileID: 100100000}
  m_GameObject: {fileID: 119646}
  m_Enabled: 1
  m_EditorHideFlags: 0
  m_Script: {fileID: 11500000, guid: f2b0de7f4ad92d640a11ae04771b1493, type: 3}
  m_Name: 
  m_EditorClassIdentifier: 
  DestroyOnOutOfBounds: 0
  Destroyed: 0
  body: {fileID: 0}
  edgeColliders: []
  boxCollider: {fileID: 0}
  friction: 1
  size: {x: 1, y: 1}
  grabbedBy: {fileID: 0}
  thrownBy: {fileID: 0}
  harmful: 0
  prevVel: {x: 0, y: 0}
  prevPos: {x: 0, y: 0}
  lastHitBy: {fileID: 0}
  wallJumpable: 0
  jumpDump: 1
  movable: 1
  blocksNeighbor: []
  sceneBlock: 0
  awakenedOnce: 0
  useBoxCollider: 0
  explosion: {fileID: 178296, guid: a5d8f59fafbc15d4b946bdc8b6fe1614, type: 2}
  explosionArea: {fileID: 0}
  bombPower: 30
  timer:
    remaining: 0
    total: 5
    on: 0
  blinkTimer:
    remaining: 0
    total: 3
    on: 0
  blinkMax: .600000024
  blinkMin: .200000003
  blinkDecay: .150000006
  sprite: {fileID: 21284874}
  radius: 2
--- !u!212 &21284874
SpriteRenderer:
  m_ObjectHideFlags: 1
  m_PrefabParentObject: {fileID: 0}
  m_PrefabInternal: {fileID: 100100000}
  m_GameObject: {fileID: 171328}
  m_Enabled: 1
  m_CastShadows: 0
  m_ReceiveShadows: 0
  m_Materials:
  - {fileID: 10754, guid: 0000000000000000e000000000000000, type: 0}
  m_SubsetIndices: 
  m_StaticBatchRoot: {fileID: 0}
  m_UseLightProbes: 1
  m_ReflectionProbeUsage: 1
  m_ProbeAnchor: {fileID: 0}
  m_ScaleInLightmap: 1
  m_PreserveUVs: 0
  m_ImportantGI: 0
  m_AutoUVMaxDistance: .5
  m_AutoUVMaxAngle: 89
  m_LightmapParameters: {fileID: 0}
  m_SortingLayerID: 1067541897
  m_SortingOrder: -1
  m_Sprite: {fileID: 21300000, guid: 33cc5521af42ae644a7b2d22841efd38, type: 3}
  m_Color: {r: 1, g: 1, b: 1, a: 1}
--- !u!1001 &100100000
Prefab:
  m_ObjectHideFlags: 1
  serializedVersion: 2
  m_Modification:
    m_TransformParent: {fileID: 0}
    m_Modifications: []
    m_RemovedComponents: []
  m_ParentPrefab: {fileID: 0}
  m_RootGameObject: {fileID: 119646}
  m_IsPrefabParent: 1
